%wow such empty
@misc{reo,
  author   = "Farhad Arbab",
  title    = "Reo: a channel-based exogenous coordination language.",
  howpublished = "http://reo.project.cwi.nl/v2/",
  year     = 2019,
}
@misc{reo:git,
  author   = "Farhad Arbab",
  title    = "Reo: a channel-based exogenous coordination language.",
  howpublished = "https://github.com/ReoLanguage/Reo",
  year     = 2020,
}
